@book { eip,
  author = "Gregor Hohpe and Bobby Woolf",
  title = "Enterprise Integration Patterns : Designing, Building, and Deploying Messaging Solutions",
  publisher = "Pearson Education, Inc.",
  year = "2004",
  address = {Boston, Massachusetts},
}%

@book{ sli,
  author = "John Seely Brown and John Duguid",
  title = "The Social Life of Information",
  publisher = "Harvard Business School Press",
  year = 2000,
  address = {Boston, Massachusetts},
}%

@book { totw,
  author = "H. Peter Alesso and Craig F. Smith",
  title = "Thinking on the Web: Berners-Lee, G{\"{o}}del and Turing",
  publisher = "John Wiley \& Sons, Inc.",
  year = 2006,
  address = {Hoboken, New Jersey},
}%

@book{ rws,
  author = "Leonard Richardson and Sam Ruby",
  title = "RESTful Web Services",
  publisher = "O'Reilly Media, Inc.",
  year = 2007,
  address = {Sebastapol, California},
}%

@book{ rwsc,
  author = "Subbu Allamaraju",
  title = "RESTful Web Services Cookbook : Solutions for Improving Scalability and Simplicity",
  publisher = "O'Reilly Media, Inc.",
  year = 2010,
  address = {Sebastapol, California},
}%

@book { rip,
  author = "Jim Webber and Savas Parastatidis and Ian Robinson",
  title = "REST in Practice : Hypermedia and Systems Architecture",
  publisher = "O'Reilly Media, Inc.",
  year = 2010,
  address = {Sebastapol, California},
}

@book{ swp,
  author = "John Hebeler and Matthew Fisher and Ryan Blace and Andrew Perez-Lopez",
  title = "Semantic Web Programming",
  publisher = "Wiley Publishing, Inc.",
  year = 2009,
  address = {Indianapolis, Indiana},
}%

@book{ mitm,
  author = "Marshall McLuhan and Quentin Fiore",
  title = "The Medium is the Massage : An Inventory of Effects",
  publisher = "Bantam Books, Inc.",
  year = 1967,
}%

@book{ wss,
  author = "Jothy Rosenberg and David Remy",
  title = "Securing Web Services with WS-Security : Demystifying WS-Security, WS-Policy, SAML, XML Signature, and XML Encryption",
  publisher = "Sams Publishing",
  year = 2004,
  address = {Indianapolis, Indiana},
}%

@article{mmm,
 author = {Brooks,Jr., Frederick P.},
 title = {No Silver Bullet Essence and Accidents of Software Engineering},
 journal = {Computer},
 volume = {20},
 number = {4},
 year = {1987},
 issn = {0018-9162},
 pages = {10--19},
 doi = {http://dx.doi.org/10.1109/MC.1987.1663532},
 publisher = {IEEE Computer Society Press},
 address = {Los Alamitos, CA, USA},
 }%

@book{ mw,
  author = "David Gelernter",
  title = "Mirror Worlds or : The Day Software Puts the Universe in a Shoebox... How it Will Happen and What it Will Mean",
  publisher = "Oxford University Press, Inc.",
  year = 1991,
  address = {New York, New York},
}%

@phdthesis { fielding,
 author = "Roy T. Fielding",
 title = "Architectural Styles and the Design of Network-based Software Architectures",
 school = "University of California, Irvince",
 year = "2000",
}

@misc{rfc1737,
  author="K. Sollins and L. Masinter",
  title="{Functional Requirements for Uniform Resource Names}",
  series="Request for Comments",
  number="1737",
  howpublished="RFC 1737 (Informational)",
  publisher="IETF",
  organization="Internet Engineering Task Force",
  year=1994,
  month=dec,
    url="http://www.ietf.org/rfc/rfc1737.txt",
}

@misc{rfc1738,
  author="T. Berners-Lee and L. Masinter and M. McCahill",
  title="{Uniform Resource Locators (URL)}",
  series="Request for Comments",
  number="1738",
  howpublished="RFC 1738 (Proposed Standard)",
  publisher="IETF",
  organization="Internet Engineering Task Force",
  year=1994,
  month=dec,
    note="Obsoleted by RFCs 4248, 4266, updated by RFCs 1808, 2368, 2396, 3986",
  url="http://www.ietf.org/rfc/rfc1738.txt",
}

@misc{rfc2616,
  author="R. Fielding and J. Gettys and J. Mogul and H. Frystyk and L. Masinter and P. Leach and T. Berners-Lee",
  title="{Hypertext Transfer Protocol -- HTTP/1.1}",
  series="Request for Comments",
  number="2616",
  howpublished="RFC 2616 (Draft Standard)",
  publisher="IETF",
  organization="Internet Engineering Task Force",
  year=1999,
  month=jun,
    note="Updated by RFCs 2817, 5785",
  url="http://www.ietf.org/rfc/rfc2616.txt",
}

@misc{rfc3986,
  author="T. Berners-Lee and R. Fielding and L. Masinter",
  title="{Uniform Resource Identifier (URI): Generic Syntax}",
  series="Request for Comments",
  number="3986",
  howpublished="RFC 3986 (Standard)",
  publisher="IETF",
  organization="Internet Engineering Task Force",
  year=2005,
  month=jan,
    url="http://www.ietf.org/rfc/rfc3986.txt",
}

@misc{rfc3987,
  author="M. Duerst and M. Suignard",
  title="{Internationalized Resource Identifiers (IRIs)}",
  series="Request for Comments",
  number="3987",
  howpublished="RFC 3987 (Proposed Standard)",
  publisher="IETF",
  organization="Internet Engineering Task Force",
  year=2005,
  month=jan,
    url="http://www.ietf.org/rfc/rfc3987.txt",
}

@misc{rfc5789,
  author="L. Dusseault and J. Snell",
  title="{PATCH Method for HTTP}",
  series="Request for Comments",
  number="5789",
  howpublished="RFC 5789 (Proposed Standard)",
  publisher="IETF",
  organization="Internet Engineering Task Force",
  year=2010,
  month=mar,
    url="http://www.ietf.org/rfc/rfc5789.txt",
}

@misc{rfc5988,
  author="M. Nottingham",
  title="{Web Linking}",
  series="Request for Comments",
  number="5988",
  howpublished="RFC 5988 (Proposed Standard)",
  publisher="IETF",
  organization="Internet Engineering Task Force",
  year=2010,
  month=oct,
    url="http://www.ietf.org/rfc/rfc5988.txt",
}